%YAML 1.1
%TAG !u! tag:unity3d.com,2011:
--- !u!1 &2148117078430434142
GameObject:
  m_ObjectHideFlags: 0
  m_CorrespondingSourceObject: {fileID: 0}
  m_PrefabInstance: {fileID: 0}
  m_PrefabAsset: {fileID: 0}
  serializedVersion: 6
  m_Component:
  - component: {fileID: 3140412754303463757}
  - component: {fileID: 6255493826422639483}
  - component: {fileID: 428812930916153218}
  - component: {fileID: 9138789889067053166}
  - component: {fileID: 1379442177335108543}
  m_Layer: 0
  m_Name: SM_fd_base_dish
  m_TagString: BaseDish
  m_Icon: {fileID: 0}
  m_NavMeshLayer: 0
  m_StaticEditorFlags: 0
  m_IsActive: 1
--- !u!4 &3140412754303463757
Transform:
  m_ObjectHideFlags: 0
  m_CorrespondingSourceObject: {fileID: 0}
  m_PrefabInstance: {fileID: 0}
  m_PrefabAsset: {fileID: 0}
  m_GameObject: {fileID: 2148117078430434142}
  m_LocalRotation: {x: 0, y: -0, z: -0, w: 1}
  m_LocalPosition: {x: 0, y: 0, z: 0}
  m_LocalScale: {x: 1, y: 1, z: 1}
  m_Children: []
  m_Father: {fileID: 0}
  m_RootOrder: 0
  m_LocalEulerAnglesHint: {x: 0, y: 0, z: 0}
--- !u!33 &6255493826422639483
MeshFilter:
  m_ObjectHideFlags: 0
  m_CorrespondingSourceObject: {fileID: 0}
  m_PrefabInstance: {fileID: 0}
  m_PrefabAsset: {fileID: 0}
  m_GameObject: {fileID: 2148117078430434142}
  m_Mesh: {fileID: 1305467596165230214, guid: 0ce53d962804fcb47a605275dcff284b, type: 3}
--- !u!23 &428812930916153218
MeshRenderer:
  m_ObjectHideFlags: 0
  m_CorrespondingSourceObject: {fileID: 0}
  m_PrefabInstance: {fileID: 0}
  m_PrefabAsset: {fileID: 0}
  m_GameObject: {fileID: 2148117078430434142}
  m_Enabled: 1
  m_CastShadows: 1
  m_ReceiveShadows: 1
  m_DynamicOccludee: 1
  m_MotionVectors: 1
  m_LightProbeUsage: 1
  m_ReflectionProbeUsage: 1
  m_RayTracingMode: 2
  m_RenderingLayerMask: 1
  m_RendererPriority: 0
  m_Materials:
  - {fileID: 2100000, guid: 0e338832cb8b34b4199c584be055c6b7, type: 2}
  m_StaticBatchInfo:
    firstSubMesh: 0
    subMeshCount: 0
  m_StaticBatchRoot: {fileID: 0}
  m_ProbeAnchor: {fileID: 0}
  m_LightProbeVolumeOverride: {fileID: 0}
  m_ScaleInLightmap: 1
  m_ReceiveGI: 1
  m_PreserveUVs: 0
  m_IgnoreNormalsForChartDetection: 0
  m_ImportantGI: 0
  m_StitchLightmapSeams: 1
  m_SelectedEditorRenderState: 3
  m_MinimumChartSize: 4
  m_AutoUVMaxDistance: 0.5
  m_AutoUVMaxAngle: 89
  m_LightmapParameters: {fileID: 0}
  m_SortingLayerID: 0
  m_SortingLayer: 0
  m_SortingOrder: 0
--- !u!65 &9138789889067053166
BoxCollider:
  m_ObjectHideFlags: 0
  m_CorrespondingSourceObject: {fileID: 0}
  m_PrefabInstance: {fileID: 0}
  m_PrefabAsset: {fileID: 0}
  m_GameObject: {fileID: 2148117078430434142}
  m_Material: {fileID: 0}
  m_IsTrigger: 1
  m_Enabled: 1
  serializedVersion: 2
  m_Size: {x: 0.3, y: 0.3, z: 0.5}
  m_Center: {x: 0, y: 0.1, z: 0.25}
--- !u!114 &1379442177335108543
MonoBehaviour:
  m_ObjectHideFlags: 0
  m_CorrespondingSourceObject: {fileID: 0}
  m_PrefabInstance: {fileID: 0}
  m_PrefabAsset: {fileID: 0}
  m_GameObject: {fileID: 2148117078430434142}
  m_Enabled: 1
  m_EditorHideFlags: 0
  m_Script: {fileID: 11500000, guid: 4a986df93e229ca489151b5e8684a022, type: 3}
  m_Name: 
  m_EditorClassIdentifier: 
  guest: {fileID: 0}
  dishs:
  - {fileID: 8520303524160267225, guid: 75cae855b2f011b4a8a303d0da0e7f85, type: 3}
  - {fileID: 5446590074358115023, guid: 82d572d71987b1b40aa19f64b2d9a333, type: 3}
  - {fileID: 6667637749101440823, guid: df412afa550b25d47bad26beed64b69e, type: 3}
  - {fileID: 2651778502456214478, guid: 28128fffb20cdb64b85b82cf7b4db661, type: 3}
  - {fileID: 4420754900456286177, guid: 8a8c16295b3c3dd4b91582894f3bc8b5, type: 3}
  - {fileID: 359276068891834130, guid: b5d29a3e7f8ef9843a95411c1e6d388c, type: 3}
  Seki_No: 0
