%YAML 1.1
%TAG !u! tag:unity3d.com,2011:
--- !u!243 &-8857145330172413486
AudioMixerGroupController:
  m_ObjectHideFlags: 0
  m_CorrespondingSourceObject: {fileID: 0}
  m_PrefabInstance: {fileID: 0}
  m_PrefabAsset: {fileID: 0}
  m_Name: FriedGroup
  m_AudioMixer: {fileID: 24100000}
  m_GroupID: e878c8ab7584bba4fab5cc82d04d913b
  m_Children: []
  m_Volume: b7ce5d0f3dbbcef46b7a893f83e43325
  m_Pitch: e6e05dd6ac0509c4b983a3fa80aea6a0
  m_Send: 00000000000000000000000000000000
  m_Effects:
  - {fileID: -5313557668562753344}
  m_UserColorIndex: 0
  m_Mute: 0
  m_Solo: 0
  m_BypassEffects: 0
--- !u!244 &-5313557668562753344
AudioMixerEffectController:
  m_ObjectHideFlags: 3
  m_CorrespondingSourceObject: {fileID: 0}
  m_PrefabInstance: {fileID: 0}
  m_PrefabAsset: {fileID: 0}
  m_Name: 
  m_EffectID: 0932c765ffcbcf44c980fb449e6eeae2
  m_EffectName: Attenuation
  m_MixLevel: c4848d17bd1e0a54abd3b37031f645b5
  m_Parameters: []
  m_SendTarget: {fileID: 0}
  m_EnableWetMix: 0
  m_Bypass: 0
--- !u!245 &-4817844091567919166
AudioMixerSnapshotController:
  m_ObjectHideFlags: 0
  m_CorrespondingSourceObject: {fileID: 0}
  m_PrefabInstance: {fileID: 0}
  m_PrefabAsset: {fileID: 0}
  m_Name: Normal
  m_AudioMixer: {fileID: 24100000}
  m_SnapshotID: cf0586d6f778bac468b506a4a46987da
  m_FloatValues:
    b7ce5d0f3dbbcef46b7a893f83e43325: -10
  m_TransitionOverrides: {}
--- !u!245 &-3299955266374789620
AudioMixerSnapshotController:
  m_ObjectHideFlags: 0
  m_CorrespondingSourceObject: {fileID: 0}
  m_PrefabInstance: {fileID: 0}
  m_PrefabAsset: {fileID: 0}
  m_Name: Nabe
  m_AudioMixer: {fileID: 24100000}
  m_SnapshotID: 29a2f558cfa8e4c41a26ae373c160faa
  m_FloatValues:
    e03edeb53a6141b429d509d5d9f8fb0d: -40
    b122593db5c990a47b4004d55ce31dc4: 0
    b7ce5d0f3dbbcef46b7a893f83e43325: 0
  m_TransitionOverrides: {}
--- !u!241 &24100000
AudioMixerController:
  m_ObjectHideFlags: 0
  m_CorrespondingSourceObject: {fileID: 0}
  m_PrefabInstance: {fileID: 0}
  m_PrefabAsset: {fileID: 0}
  m_Name: Fried
  m_OutputGroup: {fileID: 0}
  m_MasterGroup: {fileID: 24300002}
  m_Snapshots:
  - {fileID: 24500006}
  - {fileID: -4817844091567919166}
  - {fileID: -3299955266374789620}
  m_StartSnapshot: {fileID: 24500006}
  m_SuspendThreshold: -80
  m_EnableSuspend: 1
  m_UpdateMode: 0
  m_ExposedParameters: []
  m_AudioMixerGroupViews:
  - guids:
    - 9ce7c46e97ba8b04799059b754c3f0e7
    - e878c8ab7584bba4fab5cc82d04d913b
    - 061c6f8f512c524429690ad6da916d63
    name: View
  m_CurrentViewIndex: 0
  m_TargetSnapshot: {fileID: -3299955266374789620}
--- !u!243 &24300002
AudioMixerGroupController:
  m_ObjectHideFlags: 0
  m_CorrespondingSourceObject: {fileID: 0}
  m_PrefabInstance: {fileID: 0}
  m_PrefabAsset: {fileID: 0}
  m_Name: Master
  m_AudioMixer: {fileID: 24100000}
  m_GroupID: 9ce7c46e97ba8b04799059b754c3f0e7
  m_Children:
  - {fileID: -8857145330172413486}
  - {fileID: 74280399065368936}
  m_Volume: b122593db5c990a47b4004d55ce31dc4
  m_Pitch: 520966b49e92365448e13f0b31bb565c
  m_Send: 00000000000000000000000000000000
  m_Effects:
  - {fileID: 24400004}
  m_UserColorIndex: 0
  m_Mute: 0
  m_Solo: 0
  m_BypassEffects: 0
--- !u!244 &24400004
AudioMixerEffectController:
  m_ObjectHideFlags: 3
  m_CorrespondingSourceObject: {fileID: 0}
  m_PrefabInstance: {fileID: 0}
  m_PrefabAsset: {fileID: 0}
  m_Name: 
  m_EffectID: 5515fc8ba1dee2f47bf99140442b4f49
  m_EffectName: Attenuation
  m_MixLevel: 3f51488c6d4b6344fb448527ec5c4cfb
  m_Parameters: []
  m_SendTarget: {fileID: 0}
  m_EnableWetMix: 0
  m_Bypass: 0
--- !u!245 &24500006
AudioMixerSnapshotController:
  m_ObjectHideFlags: 0
  m_CorrespondingSourceObject: {fileID: 0}
  m_PrefabInstance: {fileID: 0}
  m_PrefabAsset: {fileID: 0}
  m_Name: Snapshot
  m_AudioMixer: {fileID: 24100000}
  m_SnapshotID: 23b645cb5d16cf340aa3c2d58c98baed
  m_FloatValues:
    b7ce5d0f3dbbcef46b7a893f83e43325: -0.025776558
  m_TransitionOverrides: {}
--- !u!243 &74280399065368936
AudioMixerGroupController:
  m_ObjectHideFlags: 0
  m_CorrespondingSourceObject: {fileID: 0}
  m_PrefabInstance: {fileID: 0}
  m_PrefabAsset: {fileID: 0}
  m_Name: BGM
  m_AudioMixer: {fileID: 24100000}
  m_GroupID: 061c6f8f512c524429690ad6da916d63
  m_Children: []
  m_Volume: e03edeb53a6141b429d509d5d9f8fb0d
  m_Pitch: 9a43f124345012d4e9a04f0b9cb155a9
  m_Send: 00000000000000000000000000000000
  m_Effects:
  - {fileID: 2209786088214729049}
  m_UserColorIndex: 0
  m_Mute: 0
  m_Solo: 0
  m_BypassEffects: 0
--- !u!244 &2209786088214729049
AudioMixerEffectController:
  m_ObjectHideFlags: 3
  m_CorrespondingSourceObject: {fileID: 0}
  m_PrefabInstance: {fileID: 0}
  m_PrefabAsset: {fileID: 0}
  m_Name: 
  m_EffectID: 9b0d5388fc1cebf41b66b1ccd25dc6ff
  m_EffectName: Attenuation
  m_MixLevel: 340391805020c6a41adaeca813371dae
  m_Parameters: []
  m_SendTarget: {fileID: 0}
  m_EnableWetMix: 0
  m_Bypass: 0
